<record><leader>00000cas a2200000 a 4500</leader><controlfield tag="001">16505895</controlfield><controlfield tag="008">870818d1uuu19uukyuuu ne      0    0eng d</controlfield><datafield ind1=" " ind2=" " tag="010"><subfield code="a">sn 87060308 </subfield></datafield><datafield ind1=" " ind2=" " tag="040"><subfield code="a">KNP</subfield><subfield code="b">eng</subfield><subfield code="c">KNP</subfield><subfield code="d">OCL</subfield><subfield code="d">OCLCQ</subfield></datafield><datafield ind1=" " ind2=" " tag="042"><subfield code="a">msc</subfield></datafield><datafield ind1="0" ind2="0" tag="245"><subfield code="a">Breckenridge democrat.</subfield></datafield><datafield ind1="3" ind2="0" tag="246"><subfield code="a">Breckinridge democrat</subfield></datafield><datafield ind1=" " ind2=" " tag="260"><subfield code="a">Hardinsburg, Ky. :</subfield><subfield code="b">[s.n.]</subfield></datafield><datafield ind1=" " ind2=" " tag="300"><subfield code="a">v. :</subfield><subfield code="b">ill.</subfield></datafield><datafield ind1=" " ind2=" " tag="588"><subfield code="a">Description based on: Vol. 4, no. 51 (June 14, 1904) = Whole no. 249.</subfield></datafield><datafield ind1=" " ind2="4" tag="651"><subfield code="a">Breckinridge County (Ky.)</subfield><subfield code="v">Newspapers.</subfield></datafield><datafield ind1=" " ind2="4" tag="651"><subfield code="a">Hardinsburg (Ky.)</subfield><subfield code="v">Newspapers.</subfield></datafield><datafield ind1=" " ind2=" " tag="752"><subfield code="a">United States</subfield><subfield code="b">Kentucky</subfield><subfield code="c">Breckinridge</subfield><subfield code="d">Hardinsburg.</subfield></datafield><datafield ind1="1" ind2=" " tag="029"><subfield code="a">AU@</subfield><subfield code="b">000025836382</subfield></datafield></record>